@misc{LatexGuide,
  author = {Tobias Oetiker and Hubert Partl and Irene Hyna and Elisabeth Schlegl},
  year   = {2016},
  title  = {{The Not So Short Introduction To \LaTeXe{}}},
  url    = {https://tobi.oetiker.ch/lshort/lshort.pdf},
  note   = {{Checked} 2017-12-18.},
}


@misc{CTAN,
  author = {{The CTAN Team}},
  year   = {2017},
  title  = {{CTAN Comprehensive \TeX{} Archive Network}},
  url    = {https://ctan.org},
  note   = {{Checked} 2017-12-18.},
}

@inproceedings{jayarathne2016brainid,
  title={BrainID: Development of an EEG-based biometric authentication system},
  author={Jayarathne, Isuru and Cohen, Michael and Amarakeerthi, Senaka},
  booktitle={2016 IEEE 7th Annual Information Technology, Electronics and Mobile Communication Conference (IEMCON)},
  pages={1--6},
  year={2016},
  organization={IEEE}
}

@ARTICLE{clinical_trails,
  author={Mak, Joseph N. and Wolpaw, Jonathan R.},
  journal={IEEE Reviews in Biomedical Engineering}, 
  title={Clinical Applications of Brain-Computer Interfaces: Current State and Future Prospects}, 
  year={2009},
  volume={2},
  number={},
  pages={187-199},
  doi={10.1109/RBME.2009.2035356}}

  @ARTICLE{BCI_applications,  author={Gu, Xiaotong and Cao, Zehong and Jolfaei, Alireza and Xu, Peng and Wu, Dongrui and Jung, Tzyy-Ping and Lin, Chin-Teng},  journal={IEEE/ACM Transactions on Computational Biology and Bioinformatics},   title={EEG-Based Brain-Computer Interfaces (BCIs): A Survey of Recent Studies on Signal Sensing Technologies and Computational Intelligence Approaches and Their Applications},   year={2021},  volume={18},  number={5},  pages={1645-1666},  doi={10.1109/TCBB.2021.3052811}}

  @article{grassi2017draft,
  title={Draft nist special publication 800-63-3 digital identity guidelines},
  author={Grassi, Paul A and Garcia, Michael E and Fenton, James L},
  journal={National Institute of Standards and Technology, Los Altos, CA},
  year={2017}
}

@article{lashkari2009shoulder_surfing,
  title={Shoulder surfing attack in graphical password authentication},
  author={Lashkari, Arash Habibi and Farmand, Samaneh and Zakaria, Dr and Bin, Omar and Saleh, Dr and others},
  journal={arXiv preprint arXiv:0912.0951},
  year={2009}
}

@article{o2003comparing,
  title={Comparing passwords, tokens, and biometrics for user authentication},
  author={O'Gorman, Lawrence},
  journal={Proceedings of the IEEE},
  volume={91},
  number={12},
  pages={2021--2040},
  year={2003},
  publisher={IEEE}
}

@article{lashkari2009shoulder,
  title={Shoulder surfing attack in graphical password authentication},
  author={Lashkari, Arash Habibi and Farmand, Samaneh and Zakaria, Dr and Bin, Omar and Saleh, Dr and others},
  journal={arXiv preprint arXiv:0912.0951},
  year={2009}
}

@inproceedings{das2014tangled,
  title={The tangled web of password reuse.},
  author={Das, Anupam and Bonneau, Joseph and Caesar, Matthew and Borisov, Nikita and Wang, XiaoFeng},
  booktitle={NDSS},
  year={2014}
}

@inproceedings{arias2021inexpensive,
  title={Inexpensive brainwave authentication: new techniques and insights on user acceptance},
  author={Arias-Cabarcos, Patricia and Habrich, Thilo and Becker, Karen and Becker, Christian and Strufe, Thorsten},
  booktitle={Proceedings of the 30th $\{$USENIX$\}$ Security Symposium ($\{$USENIX$\}$ Security 21)},
  pages={55--72},
  year={2021}
}

@ARTICLE{posteriori_model_adaption,
  author={Marcel, Sebastien and R. Millan, Jose Del},
  journal={IEEE Transactions on Pattern Analysis and Machine Intelligence}, 
  title={Person Authentication Using Brainwaves (EEG) and Maximum A Posteriori Model Adaptation}, 
  year={2007},
  volume={29},
  number={4},
  pages={743-752},
  doi={10.1109/TPAMI.2007.1012}}

  @inproceedings{N400_authentication,
  title={Assessment of permanence of non-volitional EEG brainwaves as a biometric},
  author={Blondet, Maria V Ruiz and Laszlo, Sarah and Jin, Zhanpeng},
  booktitle={IEEE International Conference on Identity, Security and Behavior Analysis (ISBA 2015)},
  pages={1--6},
  year={2015},
  organization={IEEE}
}


@inproceedings{authentication_definition,
  title={A study on the feasibility of using EEG signals for authentication purpose},
  author={Pham, Tien and Ma, Wanli and Tran, Dat and Nguyen, Phuoc and Phung, Dinh},
  booktitle={International Conference on Neural Information Processing},
  pages={562--569},
  year={2013},
  organization={Springer}
}

@article{la2014human,
  title={Human brain distinctiveness based on EEG spectral coherence connectivity},
  author={La Rocca, Daria and Campisi, Patrizio and Vegso, Balazs and Cserti, Peter and Kozmann, Gy{\"o}rgy and Babiloni, Fabio and Fallani, F De Vico},
  journal={IEEE transactions on Biomedical Engineering},
  volume={61},
  number={9},
  pages={2406--2412},
  year={2014},
  publisher={IEEE}
}

@article{bhattacharyya2009biometric,
  title={Biometric authentication: A review},
  author={Bhattacharyya, Debnath and Ranjan, Rahul and Alisherov, Farkhod and Choi, Minkyu and others},
  journal={International Journal of u-and e-Service, Science and Technology},
  volume={2},
  number={3},
  pages={13--28},
  year={2009}
}

@dataset{hinss_marcel_f_2022_7413650,
  author       = {Hinss, Marcel F. and
                  Jahanpour, Emilie S. and
                  Somon, Bertille and
                  Pluchon, Lou and
                  Dehais, Frédéric and
                  Roy, Raphaëlle N.},
  title        = {{COG-BCI database: A multi-session and multi-task 
                   EEG cognitive dataset for passive brain-computer
                   interfaces}},
  month        = dec,
  year         = 2022,
  note         = {{This database has been created as part of a 
                   project validated by the local ethical committee
                   of the University of Toulouse (CER number
                   2021-342).}},
  publisher    = {Zenodo},
  version      = 4,
  doi          = {10.5281/zenodo.7413650},
  url          = {https://doi.org/10.5281/zenodo.7413650}
}

@inproceedings{seha2019new,
  title={A new approach for EEG-based biometric authentication using auditory stimulation},
  author={Seha, Sherif Nagib Abbas and Hatzinakos, Dimitrios},
  booktitle={2019 International Conference on Biometrics (ICB)},
  pages={1--6},
  year={2019},
  organization={IEEE}
}

@inproceedings{SVM,
  title={Performance of nested vs. Non-nested SVM cross-validation methods in visual BCI: Validation study},
  author={Abdulaal, Mohammed J and Casson, Alexander J and Gaydecki, Patrick},
  booktitle={2018 26th European Signal Processing Conference (EUSIPCO)},
  pages={1680--1684},
  year={2018},
  organization={IEEE}
}

@inproceedings{naive_bayes,
  title={E-bias: A pervasive eeg-based identification and authentication system},
  author={Sohankar, Javad and Sadeghi, Koosha and Banerjee, Ayan and Gupta, Sandeep KS},
  booktitle={Proceedings of the 11th ACM Symposium on QoS and Security for Wireless and Mobile Networks},
  pages={165--172},
  year={2015}
}

@inproceedings{sugrim_robust_metrics,
  title={Robust performance metrics for authentication systems},
  author={Sugrim, Shridatt and Liu, Can and McLean, Meghan and Lindqvist, Janne},
  booktitle={Network and Distributed Systems Security (NDSS) Symposium 2019},
  year={2019}
}

@article{moabb,
  title={MOABB: trustworthy algorithm benchmarking for BCIs},
  author={Jayaram, Vinay and Barachant, Alexandre},
  journal={Journal of neural engineering},
  volume={15},
  number={6},
  pages={066011},
  year={2018},
  publisher={IOP Publishing}
}

@article{guger2009many_paper,
  title={How many people are able to control a P300-based brain--computer interface (BCI)?},
  author={Guger, Christoph and Daban, Shahab and Sellers, Eric and Holzner, Clemens and Krausz, Gunther and Carabalona, Roberta and Gramatica, Furio and Edlinger, Guenter},
  journal={Neuroscience letters},
  volume={462},
  number={1},
  pages={94--98},
  year={2009},
  publisher={Elsevier}
}

@article{buchanan2018n400,
  title={The N400's 3 As: Association, Automaticity, Attenuation (and Some Semantics Too)},
  author={Buchanan, Erin Michelle and Scofield, John E and Nunley, Nathan},
  year={2018},
  publisher={OSF Preprints}
}

@article{arias2023performance,
  title={Performance and Usability Evaluation of Brainwave Authentication Techniques with Consumer Devices},
  author={Arias-Cabarcos, Patricia and Fallahi, Matin and Habrich, Thilo and Schulze, Karen and Becker, Christian and Strufe, Thorsten},
  journal={ACM Transactions on Privacy and Security},
  year={2023},
  publisher={ACM New York, NY}
}

@inproceedings{fallahi2023brainnet,
  title={BrainNet: Improving Brainwave-based Biometric Recognition with Siamese Networks},
  author={Fallahi, Matin and Strufe, Thorsten and Arias-Cabarcos, Patricia},
  booktitle={2023 IEEE International Conference on Pervasive Computing and Communications (PerCom)},
  pages={53--60},
  year={2023},
  organization={IEEE}
}

@inproceedings{sugrim2019robust,
  title={Robust performance metrics for authentication systems},
  author={Sugrim, Shridatt and Liu, Can and McLean, Meghan and Lindqvist, Janne},
  booktitle={Network and Distributed Systems Security (NDSS) Symposium 2019},
  year={2019}
}

@inproceedings{maiorana2019eeg,
  title={EEG-based biometric verification using siamese CNNs},
  author={Maiorana, Emanuele},
  booktitle={New Trends in Image Analysis and Processing--ICIAP 2019: ICIAP International Workshops, BioFor, PatReCH, e-BADLE, DeepRetail, and Industrial Session, Trento, Italy, September 9--10, 2019, Revised Selected Papers 20},
  pages={3--11},
  year={2019},
  organization={Springer}
}

@article{chakladar2021multimodal,
  title={A multimodal-Siamese Neural Network (mSNN) for person verification using signatures and EEG},
  author={Chakladar, Debashis Das and Kumar, Pradeep and Roy, Partha Pratim and Dogra, Debi Prosad and Scheme, Erik and Chang, Victor},
  journal={Information Fusion},
  volume={71},
  pages={17--27},
  year={2021},
  publisher={Elsevier}
}

@article{maiorana2021learning,
  title={Learning deep features for task-independent EEG-based biometric verification},
  author={Maiorana, Emanuele},
  journal={Pattern Recognition Letters},
  volume={143},
  pages={122--129},
  year={2021},
  publisher={Elsevier}
}

@article{bromley1993signature,
  title={Signature verification using a" siamese" time delay neural network},
  author={Bromley, Jane and Guyon, Isabelle and LeCun, Yann and S{\"a}ckinger, Eduard and Shah, Roopak},
  journal={Advances in neural information processing systems},
  volume={6},
  year={1993}
}

@article{bidgoly2022towards,
  title={Towards a universal and privacy preserving EEG-based authentication system},
  author={Bidgoly, Amir Jalaly and Bidgoly, Hamed Jalaly and Arezoumand, Zeynab},
  journal={Scientific Reports},
  volume={12},
  number={1},
  pages={2531},
  year={2022},
  publisher={Nature Publishing Group UK London}
}

@inproceedings{lee2020classification,
  title={Classification of imagined speech using Siamese neural network},
  author={Lee, Dong-Yeon and Lee, Minji and Lee, Seong-Whan},
  booktitle={2020 IEEE International Conference on Systems, Man, and Cybernetics (SMC)},
  pages={2979--2984},
  year={2020},
  organization={IEEE}
}

@article{Phsionet,
  title={BCI2000: a general-purpose brain-computer interface (BCI) system},
  author={Schalk, Gerwin and McFarland, Dennis J and Hinterberger, Thilo and Birbaumer, Niels and Wolpaw, Jonathan R},
  journal={IEEE Transactions on biomedical engineering},
  volume={51},
  number={6},
  pages={1034--1043},
  year={2004},
  publisher={IEEE}
}

@article{lotte2018review,
  title={A review of classification algorithms for EEG-based brain--computer interfaces: a 10 year update},
  author={Lotte, Fabien and Bougrain, Laurent and Cichocki, Andrzej and Clerc, Maureen and Congedo, Marco and Rakotomamonjy, Alain and Yger, Florian},
  journal={Journal of neural engineering},
  volume={15},
  number={3},
  pages={031005},
  year={2018},
  publisher={iOP Publishing}
}

@phdthesis{brainInvaders15a,
  title={Brain Invaders calibration-less P300-based BCI with modulation of flash duration Dataset (bi2015a)},
  author={Korczowski, Louis and Cederhout, Martine and Andreev, Anton and Cattan, Gr{\'e}goire and Rodrigues, Pedro Luiz Coelho and Gautheret, Violette and Congedo, Marco},
  year={2019},
  school={GIPSA-lab}
}

@article{erpcore,
  title={ERP CORE: An open resource for human event-related potential research},
  author={Kappenman, Emily S and Farrens, Jaclyn L and Zhang, Wendy and Stewart, Andrew X and Luck, Steven J},
  journal={NeuroImage},
  volume={225},
  pages={117465},
  year={2021},
  publisher={Elsevier}
}

@article{huang2019eeg,
  title={An EEG-based identity authentication system with audiovisual paradigm in IoT},
  author={Huang, Haiping and Hu, Linkang and Xiao, Fu and Du, Anming and Ye, Ning and He, Fan},
  journal={Sensors},
  volume={19},
  number={7},
  pages={1664},
  year={2019},
  publisher={MDPI}
}

@article{huang2022m3cv,
  title={M3CV: A multi-subject, multi-session, and multi-task database for EEG-based biometrics challenge},
  author={Huang, Gan and Hu, Zhenxing and Chen, Weize and Zhang, Shaorong and Liang, Zhen and Li, Linling and Zhang, Li and Zhang, Zhiguo},
  journal={NeuroImage},
  volume={264},
  pages={119666},
  year={2022},
  publisher={Elsevier}
}

@article{seha2020eeg,
  title={EEG-based human recognition using steady-state AEPs and subject-unique spatial filters},
  author={Seha, Sherif Nagib Abbas and Hatzinakos, Dimitrios},
  journal={IEEE Transactions on Information Forensics and Security},
  volume={15},
  pages={3901--3910},
  year={2020},
  publisher={IEEE}
}

@article{jayarathne2020person,
  title={Person identification from EEG using various machine learning techniques with inter-hemispheric amplitude ratio},
  author={Jayarathne, Isuru and Cohen, Michael and Amarakeerthi, Senaka},
  journal={PloS one},
  volume={15},
  number={9},
  pages={e0238872},
  year={2020},
  publisher={Public Library of Science San Francisco, CA USA}
}

@article{van2019building,
  title={Building Brain Invaders: EEG data of an experimental validation},
  author={Van Veen, Gijsbrecht and Barachant, Alexandre and Andreev, Anton and Cattan, Gr{\'e}goire and Rodrigues, Pedro Coelho and Congedo, Marco},
  journal={arXiv preprint arXiv:1905.05182},
  year={2019}
}

@article{vaineau2019brain,
  title={Brain invaders adaptive versus non-adaptive P300 brain-computer interface dataset},
  author={Vaineau, Erwan and Barachant, Alexandre and Andreev, Anton and Rodrigues, Pedro C and Cattan, Gr{\'e}goire and Congedo, Marco},
  journal={arXiv preprint arXiv:1904.09111},
  year={2019}
}

@phdthesis{bi2014a,
  title={Brain Invaders calibration-less P300-based BCI using dry EEG electrodes Dataset (bi2014a)},
  author={Korczowski, Louis and Ostaschenko, Ekaterina and Andreev, Anton and Cattan, Gr{\'e}goire and Rodrigues, Pedro Luiz Coelho and Gautheret, Violette and Congedo, Marco},
  year={2019},
  school={GIPSA-lab}
}

@phdthesis{bi2014b,
  title={Brain Invaders Solo versus Collaboration: Multi-User P300-based Brain-Computer Interface Dataset (bi2014b)},
  author={Korczowski, Louis and Ostaschenko, Ekaterina and Andreev, Anton and Cattan, Gr{\'e}goire and Rodrigues, Pedro Luiz Coelho and Gautheret, Violette and Congedo, Marco},
  year={2019},
  school={GIPSA-lab}
}

@article{gao2014novel,
  title={A novel algorithm to enhance P300 in single trials: Application to lie detection using F-score and SVM},
  author={Gao, Junfeng and Tian, Hongjun and Yang, Yong and Yu, Xiaolin and Li, Chenhong and Rao, Nini},
  journal={Plos one},
  volume={9},
  number={11},
  pages={e109700},
  year={2014},
  publisher={Public Library of Science San Francisco, USA}
}

@phdthesis{bi2015a,
  title={Brain Invaders calibration-less P300-based BCI with modulation of flash duration Dataset (bi2015a)},
  author={Korczowski, Louis and Cederhout, Martine and Andreev, Anton and Cattan, Gr{\'e}goire and Rodrigues, Pedro Luiz Coelho and Gautheret, Violette and Congedo, Marco},
  year={2019},
  school={GIPSA-lab}
}

@phdthesis{bi2015b,
  title={Brain Invaders Cooperative versus Competitive: Multi-User P300-based Brain-Computer Interface Dataset (bi2015b)},
  author={Korczowski, Louis and Cederhout, Martine and Andreev, Anton and Cattan, Gr{\'e}goire and Rodrigues, Pedro Luiz Coelho and Gautheret, Violette and Congedo, Marco},
  year={2019},
  school={GIPSA-lab}
}

@article{mouvcek2017event,
  title={Event-related potential data from a guess the number brain-computer interface experiment on school children},
  author={Mou{\v{c}}ek, R and Va{\v{r}}eka, L and Prokop, T and {\v{S}}t{\v{e}}bet{\'a}k, J and Br{\uu}ha, P},
  journal={Scientific data},
  volume={4},
  number={1},
  pages={1--11},
  year={2017},
  publisher={Nature Publishing Group}
}

@article{hubner2017learning,
  title={Learning from label proportions in brain-computer interfaces: Online unsupervised learning with guarantees},
  author={H{\"u}bner, David and Verhoeven, Thibault and Schmid, Konstantin and M{\"u}ller, Klaus-Robert and Tangermann, Michael and Kindermans, Pieter-Jan},
  journal={PloS one},
  volume={12},
  number={4},
  pages={e0175856},
  year={2017},
  publisher={Public Library of Science San Francisco, CA USA}
}

@article{pijnacker2017semantic,
  title={Semantic processing of sentences in preschoolers with specific language impairment: Evidence from the N400 effect},
  author={Pijnacker, Judith and Davids, Nina and van Weerdenburg, Marjolijn and Verhoeven, Ludo and Knoors, Harry and van Alphen, Petra},
  journal={Journal of Speech, Language, and Hearing Research},
  volume={60},
  number={3},
  pages={627--639},
  year={2017},
  publisher={ASHA}
}

@article{draschkow2018no,
  title={No evidence from MVPA for different processes underlying the N300 and N400 incongruity effects in object-scene processing},
  author={Draschkow, Dejan and Heikel, Edvard and Vo, Melissa L-H and Fiebach, Christian J and Sassenhagen, Jona},
  journal={Neuropsychologia},
  volume={120},
  pages={9--17},
  year={2018},
  publisher={Elsevier}
}

@article{marzecova2018attentional,
  title={Attentional gain is modulated by probabilistic feature expectations in a spatial cueing task: ERP evidence},
  author={Marzecov{\'a}, Anna and Schettino, Antonio and Widmann, Andreas and SanMiguel, Iria and Kotz, Sonja A and Schr{\"o}ger, Erich},
  journal={Scientific Reports},
  volume={8},
  number={1},
  pages={54},
  year={2018},
  publisher={Nature Publishing Group UK London}
}

@inproceedings{sosulski2019spatial,
  title={Spatial filters for auditory evoked potentials transfer between different experimental conditions.},
  author={Sosulski, Jan and Tangermann, Michael},
  booktitle={GBCIC},
  year={2019}
}

@ARTICLE{8926379,
  author={Cattan, Grégoire Hugues and Andreev, Anton and Mendoza, Cesar and Congedo, Marco},
  journal={IEEE Transactions on Games}, 
  title={A Comparison of Mobile VR Display Running on an Ordinary Smartphone With Standard PC Display for P300-BCI Stimulus Presentation}, 
  year={2021},
  volume={13},
  number={1},
  pages={68-77},
  doi={10.1109/TG.2019.2957963}}
  
  @article{mantegna2019distinguishing,
  title={Distinguishing integration and prediction accounts of ERP N400 modulations in language processing through experimental design},
  author={Mantegna, Francesco and Hintz, Florian and Ostarek, Markus and Alday, Phillip M and Huettig, Falk},
  journal={Neuropsychologia},
  volume={134},
  pages={107199},
  year={2019},
  publisher={Elsevier}
}

@article{simoes2020bciaut,
  title={BCIAUT-P300: A multi-session and multi-subject benchmark dataset on autism for P300-based brain-computer-interfaces},
  author={Sim{\~o}es, Marco and Borra, Davide and Santamar{\'\i}a-V{\'a}zquez, Eduardo and GBT-UPM and Bittencourt-Villalpando, Mayra and Krzemi{\'n}ski, Dominik and Miladinovi{\'c}, Aleksandar and Neural\_Engineering\_Group and Schmid, Thomas and Zhao, Haifeng and others},
  journal={Frontiers in Neuroscience},
  volume={14},
  pages={568104},
  year={2020},
  publisher={Frontiers Media SA}
}

@article{goncharenko2020raccoons,
  title={Raccoons vs Demons: Multiclass labeled P300 dataset},
  author={Goncharenko, Vladislav and Grigoryan, Rafael and Samokhina, Alina},
  journal={arXiv preprint arXiv:2005.02251},
  year={2020}
}

@article{houshmand2021effect,
  title={Effect of inhibition indexed by auditory P300 on transmission of visual sensory information},
  author={Houshmand Chatroudi, Amirmahmoud and Rostami, Reza and Nasrabadi, Ali Motie and Yotsumoto, Yuko},
  journal={Plos one},
  volume={16},
  number={2},
  pages={e0247416},
  year={2021},
  publisher={Public Library of Science San Francisco, CA USA}
}

@article{rabs2022situational,
  title={Situational expectancy or association? The influence of event knowledge on the N400},
  author={Rabs, Elisabeth and Delogu, Francesca and Drenhaus, Heiner and Crocker, Matthew W},
  journal={Language, Cognition and Neuroscience},
  volume={37},
  number={6},
  pages={766--784},
  year={2022},
  publisher={Taylor \& Francis}
}

@article{lee2019eeg,
  title={EEG dataset and OpenBMI toolbox for three BCI paradigms: An investigation into BCI illiteracy},
  author={Lee, Min-Ho and Kwon, O-Yeon and Kim, Yong-Jeong and Kim, Hong-Kyung and Lee, Young-Eun and Williamson, John and Fazli, Siamac and Lee, Seong-Whan},
  journal={GigaScience},
  volume={8},
  number={5},
  pages={giz002},
  year={2019},
  publisher={Oxford University Press}
}

@article{schoknecht2022interaction,
  title={The interaction of predictive processing and similarity-based retrieval interference: an ERP study},
  author={Schoknecht, Pia and Roehm, Dietmar and Schlesewsky, Matthias and Bornkessel-Schlesewsky, Ina},
  journal={Language, Cognition and Neuroscience},
  volume={37},
  number={7},
  pages={883--901},
  year={2022},
  publisher={Taylor \& Francis}
}

@article{won2022eeg,
  title={EEG dataset for RSVP and P300 speller brain-computer interfaces},
  author={Won, Kyungho and Kwon, Moonyoung and Ahn, Minkyu and Jun, Sung Chan},
  journal={Scientific Data},
  volume={9},
  number={1},
  pages={388},
  year={2022},
  publisher={Nature Publishing Group UK London}
}

@article{toffolo2022evoking,
  title={Evoking the N400 Event-Related Potential (ERP) Component Using a Publicly Available Novel Set of Sentences with Semantically Incongruent or Congruent Eggplants (Endings)},
  author={Toffolo, Kathryn K and Freedman, Edward G and Foxe, John J},
  journal={Neuroscience},
  volume={501},
  pages={143--158},
  year={2022},
  publisher={Elsevier}
}

@article{lindborg2023semantic,
  title={Semantic surprise predicts the N400 brain potential},
  author={Lindborg, Alma and Musiolek, Lea and Ostwald, Dirk and Rabovsky, Milena},
  journal={Neuroimage: Reports},
  volume={3},
  number={1},
  pages={100161},
  year={2023},
  publisher={Elsevier}
}

@article{kappenman2021erp,
  title={ERP CORE: An open resource for human event-related potential research},
  author={Kappenman, Emily S and Farrens, Jaclyn L and Zhang, Wendy and Stewart, Andrew X and Luck, Steven J},
  journal={NeuroImage},
  volume={225},
  pages={117465},
  year={2021},
  publisher={Elsevier}
}

@article{stone2023understanding,
  title={Understanding the effects of constraint and predictability in ERP},
  author={Stone, Kate and Nicenboim, Bruno and Vasishth, Shravan and R{\"o}sler, Frank},
  journal={Neurobiology of Language},
  volume={4},
  number={2},
  pages={221--256},
  year={2023},
  publisher={MIT Press}
}

@article{kaur2017novel,
  title={A novel framework of EEG-based user identification by analyzing music-listening behavior},
  author={Kaur, Barjinder and Singh, Dinesh and Roy, Partha Pratim},
  journal={Multimedia tools and applications},
  volume={76},
  number={24},
  pages={25581--25602},
  year={2017},
  publisher={Springer}
}

@inproceedings{zuquete2010biometric,
  title={Biometric authentication using brain responses to visual stimuli},
  author={Z{\'u}quete, Andr{\'e} and Quintela, Bruno and Cunha, Joao Paulo Silva},
  booktitle={International conference on bio-inspired systems and signal processing},
  volume={2},
  pages={103--112},
  year={2010},
  organization={SCITEPRESS}
}

@article{armstrong2015brainprint,
  title={Brainprint: Assessing the uniqueness, collectability, and permanence of a novel method for ERP biometrics},
  author={Armstrong, Blair C and Ruiz-Blondet, Maria V and Khalifian, Negin and Kurtz, Kenneth J and Jin, Zhanpeng and Laszlo, Sarah},
  journal={Neurocomputing},
  volume={166},
  pages={59--67},
  year={2015},
  publisher={Elsevier}
}

@article{picton1992p300,
  title={The P300 wave of the human event-related potential},
  author={Picton, Terence W and others},
  journal={Journal of clinical neurophysiology},
  volume={9},
  pages={456--456},
  year={1992},
  publisher={RAVEN PRESS PUBLISHERS}
}

@article{zhang2021review,
  title={Review on EEG-based authentication technology},
  author={Zhang, Shuai and Sun, Lei and Mao, Xiuqing and Hu, Cuiyun and Liu, Peiyuan and others},
  journal={Computational Intelligence and Neuroscience},
  volume={2021},
  year={2021},
  publisher={Hindawi}
}

@article{polich1997p300,
  title={P300 and probability: comparison of oddball and single-stimulus paradigms},
  author={Polich, John and Margala, Catherine},
  journal={International Journal of Psychophysiology},
  volume={25},
  number={2},
  pages={169--176},
  year={1997},
  publisher={Elsevier}
}

@article{lau2008cortical,
  title={A cortical network for semantics:(de) constructing the N400},
  author={Lau, Ellen F and Phillips, Colin and Poeppel, David},
  journal={Nature reviews neuroscience},
  volume={9},
  number={12},
  pages={920--933},
  year={2008},
  publisher={Nature Publishing Group UK London}
}

@article{cogbci,
  title={Open multi-session and multi-task EEG cognitive Dataset for passive brain-computer Interface Applications},
  author={Hinss, Marcel F and Jahanpour, Emilie S and Somon, Bertille and Pluchon, Lou and Dehais, Fr{\'e}d{\'e}ric and Roy, Rapha{\"e}lle N},
  journal={Scientific Data},
  volume={10},
  number={1},
  pages={85},
  year={2023},
  publisher={Nature Publishing Group UK London}
}

@article{hodapp2021n400,
  title={The N400 ERP component reflects an error-based implicit learning signal during language comprehension},
  author={Hodapp, Alice and Rabovsky, Milena},
  journal={European Journal of Neuroscience},
  volume={54},
  number={9},
  pages={7125--7140},
  year={2021},
  publisher={Wiley Online Library}
}

@article{eriksen1974effects,
  title={Effects of noise letters upon the identification of a target letter in a nonsearch task},
  author={Eriksen, Barbara A and Eriksen, Charles W},
  journal={Perception \& psychophysics},
  volume={16},
  number={1},
  pages={143--149},
  year={1974},
  publisher={Springer}
}

@article{dinges1985microcomputer,
  title={Microcomputer analyses of performance on a portable, simple visual RT task during sustained operations},
  author={Dinges, David F and Powell, John W},
  journal={Behavior research methods, instruments, \& computers},
  volume={17},
  number={6},
  pages={652--655},
  year={1985},
  publisher={Springer}
}

@techreport{santiago2011multi,
  title={The multi-attribute task battery ii (matb-ii) software for human performance and workload research: A user's guide},
  author={Santiago-Espada, Yamira and Myer, Robert R and Latorella, Kara A and Comstock Jr, James R},
  year={2011}
}

@article{kirchner1958age,
  title={Age differences in short-term retention of rapidly changing information.},
  author={Kirchner, Wayne K},
  journal={Journal of experimental psychology},
  volume={55},
  number={4},
  pages={352},
  year={1958},
  publisher={American Psychological Association}
}

@article{holcomb1990auditory,
  title={Auditory and visual semantic priming in lexical decision: A comparison using event-related brain potentials},
  author={Holcomb, Phillip J and Neville, Helen J},
  journal={Language and cognitive processes},
  volume={5},
  number={4},
  pages={281--312},
  year={1990},
  publisher={Taylor \& Francis}
}

@article{ma2023n400,
  title={An N400 identification method based on the combination of Soft-DTW and transformer},
  author={Ma, Yan and Tang, Yiou and Zeng, Yang and Ding, Tao and Liu, Yifu},
  journal={Frontiers in Computational Neuroscience},
  volume={17},
  pages={1120566},
  year={2023},
  publisher={Frontiers Media SA}
}

@article{Scikit_Learn,
  title={Scikit-learn: Machine learning in Python},
  author={Pedregosa, Fabian and Varoquaux, Ga{\"e}l and Gramfort, Alexandre and Michel, Vincent and Thirion, Bertrand and Grisel, Olivier and Blondel, Mathieu and Prettenhofer, Peter and Weiss, Ron and Dubourg, Vincent and others},
  journal={the Journal of machine Learning research},
  volume={12},
  pages={2825--2830},
  year={2011},
  publisher={JMLR. org}
}

@article{MNE_package,
  title={MEG and EEG data analysis with MNE-Python},
  author={Gramfort, Alexandre and Luessi, Martin and Larson, Eric and Engemann, Denis A and Strohmeier, Daniel and Brodbeck, Christian and Goj, Roman and Jas, Mainak and Brooks, Teon and Parkkonen, Lauri and others},
  journal={Frontiers in neuroscience},
  pages={267},
  year={2013},
  publisher={Frontiers}
}

@article{survey_brain_biometrics,
  title={A survey on brain biometrics},
  author={Gui, Qiong and Ruiz-Blondet, Maria V and Laszlo, Sarah and Jin, Zhanpeng},
  journal={ACM Computing Surveys (CSUR)},
  volume={51},
  number={6},
  pages={1--38},
  year={2019},
  publisher={ACM New York, NY, USA}
}

@inproceedings{jas2016automated,
  title={Automated rejection and repair of bad trials in MEG/EEG},
  author={Jas, Mainak and Engemann, Denis and Raimondo, Federico and Bekhti, Yousra and Gramfort, Alexandre},
  booktitle={2016 international workshop on pattern recognition in neuroimaging (PRNI)},
  pages={1--4},
  year={2016},
  organization={IEEE}
}

@article{pardey1996review,
  title={A review of parametric modelling techniques for EEG analysis},
  author={Pardey, James and Roberts, Stephen and Tarassenko, Lionel},
  journal={Medical engineering \& physics},
  volume={18},
  number={1},
  pages={2--11},
  year={1996},
  publisher={Elsevier}
}

@article{comez1998frequency,
  title={Frequency analysis of the EEG during spatial selective attention},
  author={C{\'o}mez, CM and Vazquez, M and Vaquero, E and Lopez-Mendoza, D and Cardoso, M{\textordfeminine}J},
  journal={International Journal of Neuroscience},
  volume={95},
  number={1-2},
  pages={17--32},
  year={1998},
  publisher={Taylor \& Francis}
}

@inproceedings{facenet,
  title={Facenet: A unified embedding for face recognition and clustering},
  author={Schroff, Florian and Kalenichenko, Dmitry and Philbin, James},
  booktitle={Proceedings of the IEEE conference on computer vision and pattern recognition},
  pages={815--823},
  year={2015}
}

@inproceedings{ghojogh2020fisher,
  title={Fisher discriminant triplet and contrastive losses for training siamese networks},
  author={Ghojogh, Benyamin and Sikaroudi, Milad and Shafiei, Sobhan and Tizhoosh, Hamid R and Karray, Fakhri and Crowley, Mark},
  booktitle={2020 international joint conference on neural networks (IJCNN)},
  pages={1--7},
  year={2020},
  organization={IEEE}
}

@inproceedings{wu2017face,
  title={Face recognition based on convolution siamese networks},
  author={Wu, Haoran and Xu, Zhiyong and Zhang, Jianlin and Yan, Wei and Ma, Xiao},
  booktitle={2017 10th International Congress on Image and Signal Processing, BioMedical Engineering and Informatics (CISP-BMEI)},
  pages={1--5},
  year={2017},
  organization={IEEE}
}

@inproceedings{heidari2020using,
  title={Using Siamese networks with transfer learning for face recognition on small-samples datasets},
  author={Heidari, Mohsen and Fouladi-Ghaleh, Kazim},
  booktitle={2020 International Conference on Machine Vision and Image Processing (MVIP)},
  pages={1--4},
  year={2020},
  organization={IEEE}
}

@article{ann2007biometric,
  title={Biometric Encryption: A Positive-Sum Technology That Achieves Strong Authentication, Security, and Privacy},
  author={Ann, Cavoukian and Alex, Stoianov},
  journal={Privacy by Design Book available at www. ipc. on. ca. Accessed on December},
  volume={6},
  pages={2009},
  year={2007}
}

@article{arnau2018influence,
  title={On the influence of affect in EEG-based subject identification},
  author={Arnau-Gonz{\'a}lez, Pablo and Arevalillo-Herr{\'a}ez, Miguel and Katsigiannis, Stamos and Ramzan, Naeem},
  journal={IEEE Transactions on Affective Computing},
  volume={12},
  number={2},
  pages={391--401},
  year={2018},
  publisher={IEEE}
}

@article{koelstra2011deap,
  title={Deap: A database for emotion analysis; using physiological signals},
  author={Koelstra, Sander and Muhl, Christian and Soleymani, Mohammad and Lee, Jong-Seok and Yazdani, Ashkan and Ebrahimi, Touradj and Pun, Thierry and Nijholt, Anton and Patras, Ioannis},
  journal={IEEE transactions on affective computing},
  volume={3},
  number={1},
  pages={18--31},
  year={2011},
  publisher={IEEE}
}

@article{soleymani2011multimodal,
  title={A multimodal database for affect recognition and implicit tagging},
  author={Soleymani, Mohammad and Lichtenauer, Jeroen and Pun, Thierry and Pantic, Maja},
  journal={IEEE transactions on affective computing},
  volume={3},
  number={1},
  pages={42--55},
  year={2011},
  publisher={IEEE}
}

@article{zheng2015investigating,
  title={Investigating critical frequency bands and channels for EEG-based emotion recognition with deep neural networks},
  author={Zheng, Wei-Long and Lu, Bao-Liang},
  journal={IEEE Transactions on autonomous mental development},
  volume={7},
  number={3},
  pages={162--175},
  year={2015},
  publisher={IEEE}
}

@article{velasco2019bci,
  title={UMA-BCI speller: an easily configurable P300 speller tool for end users},
  author={Velasco-{\'A}lvarez, Francisco and Sancha-Ros, Salvador and Garc{\'\i}a-Garaluz, Esther and Fern{\'a}ndez-Rodr{\'\i}guez, {\'A}lvaro and Medina-Juli{\'a}, M Teresa and Ron-Angevin, Ricardo},
  journal={Computer methods and programs in biomedicine},
  volume={172},
  pages={127--138},
  year={2019},
  publisher={Elsevier}
}

@book{abhang2016introduction,
  title={Introduction to EEG-and speech-based emotion recognition},
  author={Abhang, Priyanka A and Gawali, Bharti W and Mehrotra, Suresh C},
  year={2016},
  publisher={Academic Press}
}

@inproceedings{nakanishi2009eeg,
  title={EEG based biometric authentication using new spectral features},
  author={Nakanishi, Isao and Baba, Sadanao and Miyamoto, Chisei},
  booktitle={2009 International Symposium on Intelligent Signal Processing and Communication Systems (ISPACS)},
  pages={651--654},
  year={2009},
  organization={IEEE}
}

@article{thomas2018eeg,
  title={EEG-based biometric authentication using gamma band power during rest state},
  author={Thomas, Kavitha P and Vinod, A Prasad},
  journal={Circuits, Systems, and Signal Processing},
  volume={37},
  pages={277--289},
  year={2018},
  publisher={Springer}
}

@inproceedings{brigham2010subject,
  title={Subject identification from electroencephalogram (EEG) signals during imagined speech},
  author={Brigham, Katharine and Kumar, BVK Vijaya},
  booktitle={2010 Fourth IEEE International Conference on Biometrics: Theory, Applications and Systems (BTAS)},
  pages={1--8},
  year={2010},
  organization={IEEE}
}

@article{blackwood1990cognitive,
  title={Cognitive brain potentials and their application},
  author={Blackwood, DHR and Muir, Walter J},
  journal={The British Journal of Psychiatry},
  volume={157},
  number={S9},
  pages={96--101},
  year={1990},
  publisher={Cambridge University Press}
}

@article{gonccales2021effects,
  title={The effects of applying filters on EEG signals for classifying developers’ code comprehension},
  author={Gon{\c{c}}ales, Lucian Jose and Farias, Kleinner and Kupssinsk{\"u}, Lucas and Segalotto, Matheus},
  journal={Journal of applied research and technology},
  volume={19},
  number={6},
  pages={584--602},
  year={2021},
  publisher={Universidad Nacional Aut{\'o}noma de M{\'e}xico, Instituto de Ciencias Aplicadas y~…}
}


@article{delorme2023eeg,
  title={EEG is better left alone},
  author={Delorme, Arnaud},
  journal={Scientific reports},
  volume={13},
  number={1},
  pages={2372},
  year={2023},
  publisher={Nature Publishing Group UK London}
}

@article{jung2000removal,
  title={Removal of eye activity artifacts from visual event-related potentials in normal and clinical subjects},
  author={Jung, Tzyy-Ping and Makeig, Scott and Westerfield, Marissa and Townsend, Jeanne and Courchesne, Eric and Sejnowski, Terrence J},
  journal={Clinical neurophysiology},
  volume={111},
  number={10},
  pages={1745--1758},
  year={2000},
  publisher={Elsevier}
}

@book{luck2014introduction,
  title={An introduction to the event-related potential technique},
  author={Luck, Steven J},
  year={2014},
  publisher={MIT press}
}

@article{vigario2000independent,
  title={Independent component approach to the analysis of EEG and MEG recordings},
  author={Vig{\'a}rio, Ricardo and Sarela, Jaakko and Jousmiki, Veikko and Hamalainen, Matti and Oja, Erkki},
  journal={IEEE transactions on biomedical engineering},
  volume={47},
  number={5},
  pages={589--593},
  year={2000},
  publisher={IEEE}
}

@article{makeig1995independent,
  title={Independent component analysis of electroencephalographic data},
  author={Makeig, Scott and Bell, Anthony and Jung, Tzyy-Ping and Sejnowski, Terrence J},
  journal={Advances in neural information processing systems},
  volume={8},
  year={1995}
}

@article{hyvarinen1999fixed,
  title={The fixed-point algorithm and maximum likelihood estimation for independent component analysis},
  author={Hyv{\"a}rinen, Aapo},
  journal={Neural Processing Letters},
  volume={10},
  pages={1--5},
  year={1999},
  publisher={Springer}
}

@inproceedings{al2021ensuring,
  title={Ensuring security of encrypted information by hybrid aes and rsa algorithm with third-party confirmation},
  author={Al Mamun, Sk and Mahmood, Md Ashiq and Amin, Md Ashiqul},
  booktitle={2021 5th International Conference on Intelligent Computing and Control Systems (ICICCS)},
  pages={337--343},
  year={2021},
  organization={IEEE}
}